@misc{refactoringGuru,
    title = {Design Patterns},
    howpublished = {\url{https://refactoring.guru/fr/design-patterns}},
    note = {Accédé durant la continuité du projet}
}

@misc{stackoverflow,
    title = {Stack Overflow},
    howpublished = {\url{https://stackoverflow.com/}},
    note = {Accédé durant la continuité du projet}
}